@book{crandall2006prime,
    title={Prime numbers: a computational perspective},
    author={Crandall, Richard and Pomerance, Carl B},
    volume={182},
    year={2006},
    publisher={Springer Science \& Business Media}
}
