@misc{todo,
 title={Citation needed},
 author={TODO}
}


@book{milnor,
  title={Morse theory.(AM-51)},
  author={Milnor, John},
  volume={51},
  year={2016},
  publisher={Princeton university press}
}

@book{schultens2014introduction,
  title={Introduction to 3-manifolds},
  author={Schultens, Jennifer},
  volume={151},
  year={2014},
  publisher={American Mathematical Soc.}
}

@book{hcobord,
  title={Lectures on the h-cobordism theorem},
  author={Milnor, John},
  volume={2258},
  year={2015},
  publisher={Princeton university press}
}
